@article{gomaa2013survey,
  title={A survey of text similarity approaches},
  author={Gomaa, Wael H and Fahmy, Aly A and others},
  journal={International Journal of Computer Applications},
  volume={68},
  number={13},
  pages={13--18},
  year={2013},
  publisher={Citeseer}
}